<record><leader>00000cas a22000007a 4500</leader><controlfield tag="001">11561280</controlfield><controlfield tag="008">850109d1812181unjuwr ne      0    0eng d</controlfield><datafield ind1=" " ind2=" " tag="010"><subfield code="a">sn 85025062 </subfield></datafield><datafield ind1=" " ind2=" " tag="040"><subfield code="a">NPX</subfield><subfield code="b">eng</subfield><subfield code="c">NPX</subfield><subfield code="d">NJW</subfield><subfield code="d">OCLCG</subfield><subfield code="d">OCLCQ</subfield><subfield code="d">OCLCA</subfield></datafield><datafield ind1=" " ind2=" " tag="042"><subfield code="a">msc</subfield></datafield><datafield ind1="0" ind2=" " tag="130"><subfield code="a">Essex patriot (Elizabeth, N.J.)</subfield></datafield><datafield ind1="1" ind2="0" tag="245"><subfield code="a">Essex patriot.</subfield></datafield><datafield ind1=" " ind2=" " tag="260"><subfield code="a">Elizabeth-Town, N.J. :</subfield><subfield code="b">G.L. Austin &amp; Co.,</subfield><subfield code="c">1812-</subfield></datafield><datafield ind1=" " ind2=" " tag="300"><subfield code="a">v.</subfield></datafield><datafield ind1=" " ind2=" " tag="310"><subfield code="a">Weekly</subfield></datafield><datafield ind1="0" ind2=" " tag="362"><subfield code="a">Vol. 1, no. 1 (Dec. 1, 1812)-</subfield></datafield><datafield ind1=" " ind2=" " tag="500"><subfield code="a">Printed at New Brunswick, N.J., Oct. 26-Nov. 30, 1813?</subfield></datafield><datafield ind1=" " ind2=" " tag="500"><subfield code="a">Publishers: G.L. Austin &amp; Co., 1812-1813; Russel Canfield, &lt;1813&gt;.</subfield></datafield><datafield ind1=" " ind2=" " tag="500"><subfield code="a">Last issue located: Vol. 2, no. 4 (Dec. 21, 1813). Cf. Brigham, C.S. Amer. newspapers.</subfield></datafield><datafield ind1=" " ind2=" " tag="500"><subfield code="a">References: Shaw &amp; Shoemaker 25357; Brigham, C.S. Amer. newspapers, p. 495.</subfield></datafield><datafield ind1="1" ind2=" " tag="700"><subfield code="a">Austin, Galen L.</subfield></datafield><datafield ind1="1" ind2=" " tag="700"><subfield code="a">Deare, Lewis,</subfield><subfield code="d">1779?-1817.</subfield></datafield><datafield ind1="1" ind2=" " tag="700"><subfield code="a">Canfield, Russel,</subfield><subfield code="d">1779-</subfield></datafield><datafield ind1=" " ind2=" " tag="752"><subfield code="a">United States</subfield><subfield code="b">New Jersey</subfield><subfield code="c">Union</subfield><subfield code="d">Elizabeth.</subfield></datafield><datafield ind1=" " ind2=" " tag="752"><subfield code="a">United States</subfield><subfield code="b">New Jersey</subfield><subfield code="c">Middlesex</subfield><subfield code="d">New Brunswick.</subfield></datafield><datafield ind1="1" ind2=" " tag="029"><subfield code="a">AU@</subfield><subfield code="b">000025817169</subfield></datafield></record>